@article{ziemann2016gene,
  title={Gene name errors are widespread in the scientific literature},
  author={Ziemann, Mark and Eren, Yotam and El-Osta, Assam},
  journal={Genome Biology},
  volume={17},
  number={1},
  pages={177},
  year={2016},
  publisher={Springer}
}

@online{bbc2020excel,
  title={Covid: Test and trace data glitch caused by Excel spreadsheet limitations},
  author={BBC News},
  year={2020},
  url={https://www.bbc.com/news/technology-54423988}
}

@online{theguardian2020excel,
  title={Excel blamed for loss of 16,000 Covid test results in England},
  author={The Guardian},
  year={2020},
  url={https://www.theguardian.com/technology/2020/oct/05/excel-blamed-for-loss-of-16000-covid-test-results-in-england}
}

@article{maier2020excel,
  title={Tracking COVID-19 cases with Excel: When dates become genes},
  author={Maier, Benjamin and Darius, Timo and Koepfli, Christian and others},
  journal={Nature},
  volume={586},
  number={7829},
  pages={479},
  year={2020},
  publisher={Nature Publishing Group}
}

@article{wilkinson2016fair,
  title={The FAIR Guiding Principles for scientific data management and stewardship},
  author={Wilkinson, Mark D and Dumontier, Michel and Aalbersberg, {\.I}jsbrand Jan and Appleton, Gabrielle and Axton, Myles and Baak, Arie and Blomberg, Niklas and Boiten, Jan-Willem and da Silva Santos, Luiz Bonino and Bourne, Philip E and others},
  journal={Scientific Data},
  volume={3},
  number={1},
  pages={160018},
  year={2016},
  publisher={Nature Publishing Group},
  doi={10.1038/sdata.2016.18}
}

@misc{dbt_docs_structure,
  title={How we structure our dbt projects},
  author={{dbt Labs}},
  year={2024},
  howpublished={\url{https://docs.getdbt.com/best-practices/how-we-structure/1-guide-overview}}
}

@misc{modern_data_stack_airbyte,
  title={What is the modern data stack and why should you care?},
  author={{Airbyte}},
  year={2023},
  howpublished={\url{https://airbyte.com/blog/modern-data-stack}}
}

@book{kimball2013data,
  title={The Data Warehouse Toolkit: The Definitive Guide to Dimensional Modeling},
  author={Kimball, Ralph and Ross, Margy},
  edition={3rd},
  year={2013},
  publisher={John Wiley \& Sons},
  isbn={978-1118530801}
}

@misc{dbt_core,
  title={dbt Core: Transform data in your warehouse},
  author={{dbt Labs}},
  year={2024},
  howpublished={\url{https://github.com/dbt-labs/dbt-core}}
}

@misc{dbt_duckdb,
  title={dbt-duckdb: dbt adapter for DuckDB},
  author={{MotherDuck and dbt Labs}},
  year={2024},
  howpublished={\url{https://github.com/duckdb/dbt-duckdb}}
}

@inproceedings{duckdb,
  title={DuckDB: an embeddable analytical database},
  author={Raasveldt, Mark and M{\"u}hleisen, Hannes},
  booktitle={Proceedings of the 2019 ACM SIGMOD International Conference on Management of Data},
  pages={1981--1984},
  year={2019},
  organization={ACM},
  doi={10.1145/3299869.3320212}
}

@manual{python,
  title={Python Language Reference},
  author={{Python Software Foundation}},
  year={2024},
  version={3.12},
  howpublished={\url{https://docs.python.org/3/}},
  note={Version 3.12}
}

@misc{r_core,
  title={R: A language and environment for statistical computing},
  author={{R Core Team}},
  year={2024},
  publisher={R Foundation for Statistical Computing},
  address={Vienna, Austria},
  howpublished={\url{https://www.R-project.org/}}
}

@article{tidyverse,
  title={Welcome to the tidyverse},
  author={Wickham, Hadley and Averick, Mara and Bryan, Jennifer and Chang, Winston and McGowan, Lucy D'Agostino and Fran{\c{c}}ois, Romain and Grolemund, Garrett and Hayes, Alex and Henry, Lionel and Hester, Jim and others},
  journal={Journal of Open Source Software},
  volume={4},
  number={43},
  pages={1686},
  year={2019},
  publisher={The Open Journal},
  doi={10.21105/joss.01686}
}

@inproceedings{pandas,
  title={Data structures for statistical computing in Python},
  author={McKinney, Wes},
  booktitle={Proceedings of the 9th Python in Science Conference},
  pages={56--61},
  year={2010},
  editor={van der Walt, St{\'e}fan and Millman, Jarrod}
}

@misc{uv_package_manager,
  title={uv: An extremely fast Python package installer and resolver},
  author={{Astral}},
  year={2024},
  howpublished={\url{https://github.com/astral-sh/uv}}
}

@book{git,
  title={Pro Git},
  author={Chacon, Scott and Straub, Ben},
  edition={2nd},
  year={2014},
  publisher={Apress},
  isbn={978-1484200766},
  howpublished={\url{https://git-scm.com/book}}
}

@misc{github,
  title={GitHub: Where the world builds software},
  author={{GitHub, Inc.}},
  year={2024},
  howpublished={\url{https://github.com}}
}

@book{latex,
  title={LaTeX: A Document Preparation System: User's Guide and Reference Manual},
  author={Lamport, Leslie},
  edition={2nd},
  year={1994},
  publisher={Addison-Wesley Professional},
  isbn={978-0201529838}
}

@misc{vscode,
  title={Visual Studio Code},
  author={{Microsoft Corporation}},
  year={2024},
  howpublished={\url{https://code.visualstudio.com/}}
}

@misc{copilot,
  title={GitHub Copilot},
  author={{GitHub, Inc.}},
  year={2024},
  howpublished={\url{https://github.com/features/copilot}}
}

@misc{creative_commons,
  title={Creative Commons Attribution 4.0 International License},
  author={{Creative Commons}},
  year={2013},
  howpublished={\url{https://creativecommons.org/licenses/by/4.0/}},
  note={CC BY 4.0}
}

@misc{kobo_toolbox,
  title={KoBo Toolbox: Data collection tools for challenging environments},
  author={{Harvard Humanitarian Initiative}},
  year={2024},
  howpublished={\url{https://www.kobotoolbox.org/}},
  note={Cambridge, MA: Harvard Humanitarian Initiative}
}

@misc{json,
  title={The JavaScript Object Notation (JSON) Data Interchange Format},
  author={Bray, Tim},
  year={2017},
  howpublished={RFC 8259},
  publisher={Internet Engineering Task Force},
  doi={10.17487/RFC8259},
  url={https://www.rfc-editor.org/rfc/rfc8259.html}
}

@misc{yaml,
  title={YAML Ain't Markup Language (YAML™) Version 1.2},
  author={Ben-Kiki, Oren and Evans, Clark and döt Net, Ingy},
  year={2021},
  edition={Revision 1.2.2},
  howpublished={\url{https://yaml.org/spec/1.2.2/}},
  note={3rd Edition}
}

@inproceedings{sql,
  title={SEQUEL: A structured English query language},
  author={Chamberlin, Donald D and Boyce, Raymond F},
  booktitle={Proceedings of the 1974 ACM SIGFIDET (now SIGMOD) Workshop on Data Description, Access and Control},
  pages={249--264},
  year={1974},
  organization={ACM},
  address={Ann Arbor, Michigan},
  doi={10.1145/800296.811515}
}

@misc{markdown,
  title={Markdown},
  author={Gruber, John},
  year={2004},
  howpublished={\url{https://daringfireball.net/projects/markdown/}}
}

@misc{csv_rfc,
  title={Common Format and MIME Type for Comma-Separated Values (CSV) Files},
  author={Shafranovich, Yakov},
  year={2005},
  howpublished={RFC 4180},
  publisher={Internet Engineering Task Force},
  doi={10.17487/RFC4180},
  url={https://www.rfc-editor.org/rfc/rfc4180.html}
}